% MD biblio file
% institution journal key month note number organization pages publisher
% school series title type volume year

@book{abramowitz-70a,
 title={Handbook of Mathematical Functions},
 author={Abramowitz, M. and Stegun, I. A.},
 year={1970},
 publisher={Dover Publications Inc, New York}
}

@article{adelman-76a,
 title={Generalized Langevin Equation Approach for Atom-Solid-Surface Scattering - General Formulation for Classical Scattering Off Harmonic Solids},
 author={Adelman, S. A. and Doll, J.D.},
 journal={J. Chem. Phys.},
 year={1976},
 volume={64},
 pages={2375}
}

@article{alder-57a,
 title={Phase transition for a hard sphere system},
 author={Alder, B. J. and Wainwright, T. E.},
 journal={J. Chem. Phys.},
 year={1957},
 volume={27},
 pages={1208}
}

@article{alder-70a,
 title={Decay of the velocity autocorrelation function},
 author={Alder, B. J. and Wainwright, T. E.},
 journal={Phys. Rev.},
 year={1970},
 volume={A1},
 pages={18}
}

@book{allen-89a,
 author={Allen, M. P. and Tildesley, D. J.},
 title={Computer Simulation of Liquids},
 publisher={Oxford: Clarendon Press},
 year={1989}
}

@article{allinger-89a,
 title={Molecular Mechanics. The MM3 Force Field for Hydrocarbons},
 author={Allinger, N. L. and Yuh, Y. H. and Lii, J.-H.},
 journal={J. Am. Chem. Soc.},
 year={1998},
 volume={111},
 pages={8551}
}

@article{andersen-79a,
 title={Molecular dynamics simulations at constant pressure and/or
 temperature},
 author={Andersen, H. C.},
 journal={J. Chem. Phys.},
 year={1979},
 volume={72},
 pages={2384}
}

@article{andersen-83a,
 title={Rattle: a velocity version of the Shake algorithm for molecular
 dynamics calculations},
 author={Andersen, H. C.},
 journal={J. Comput. Phys.},
 year={1983},
 volume={52},
 pages={24}
}

@article{anderson-75a,
 note={Green's function Monte Carlo method},
 title={A random walk simulation of the Schroedinger equation:
 H$_{3},^{+},$},
 author={Anderson, J. B.},
 journal={J. Chem. Phys.},
 year={1975},
 volume={63},
 pages={1499}
}

@article{barker-69a,
 title={Structure of water: A Monte Carlo Calculation},
 author={Barker, J. A. and Watts, R. O.},
 journal={Chem. Phys. Lett.},
 year={1969},
 volume={3},
 pages={144}
}

@article{baskes-84a,
 title={Embedded-atom method: Derivation and application to impurities, surfaces, and other defects in metals},
 author={Daw, M. S. and Baskes, M. I.},
 journal={Phys. Rev. B},
 year={1984},
 volume={29},
 pages={6443}
}

@article{baskes-86a,
 title={Embedded-atom-method functions for the fcc metals Cu, Ag, Au, Ni, Pd, Pt, and their alloys},
 author={Foiles, S. M. and Baskes, M. I. and Daw, M. S.},
 journal={Chem. Phys. Lett.},
 year={1986},
 volume={33},
 pages={7983}
}

@article{bennet-76a,
 title={Efficient estimation of free energy differences from Monte
 Carlo data},
 author={Bennet, C. H.},
 journal={J. Comput. Phys.},
 year={1976},
 volume={22},
 pages={245}
}

@incollection{berendsen-81a,
 author={Berendsen, H. J. C. and Postma, J. P. M. and van Gunsteren, W.F.  and
 Hermans, J.},
 title={},
 booktitle={Intermolecular Forces},
 editor={Pullman, B.},
 pages={331},
 year={1981},
 publisher={Dordecht: Reidel},
 note={SPC water standard reference}
}

@article{berendsen-84a,
 author={Berendsen, H. J. C. and Postma, J. P. M. and van Gunsteren, W.F.  and
 DiNola, A. and Haak, J. R.},
 title={Molecular dynamics with coupling to an external bath},
 journal={J. Chem. Phys.},
 year={1984},
 volume={81},
 pages={3684}
}

@book{bird-77,
 author={Bird, R. B. et al.},
 title={Dynamics of Polymeric Liquids},
 publisher={Wiley, New York},
 volume={1 and 2},
 year={1977}
}

@article{bounds-85a,
 author={Bounds, D. G.},
 journal={Molec. Phys.},
 volume={54},
 pages={1335},
 year={1985}
}

@article{brode-86a,
 title={An optimised MD program for a vector computer Cyber 205},
 author={Brode, S. and Ahlrichs, R},
 journal={Comput. Phys. Commun.},
 year={1986},
 volume={42},
 pages={41}
}

@article{brown-84a,
 title={A comparison of constant energy, constant temperature, and
 constant pressure ensembles in moleuclar dynamics simulations of
 atomic liquids},
 author={Brown, D. and Clarke, J. H. R.},
 journal={Molec. Phys.},
 volume={51},
 pages={1243},
 year={1984}
}

@book{brunger-92a,
 author={Br\"{u}nger, A. T.},
 title={X-PLOR: A System for X-Ray Crystallography and NMR},
 publisher={New Haven and London: Yale University Press},
 pages={ISBN 0-300-05402-5},
 year={1992}
}

@article{bush-94a,
 title={Self consistent interatomic potentials for
 the simulation of binary and ternary oxides},
 author={Bush, T. S. and Gale, J. D. and Catlow, C. R. A. and Battle, D.},
 journal={J. Mater. Chem.},
 volume={4},
 pages={831},
 year={1994}
}

@article{bush-00a,
 title={The Daresbury Advanced Fourier Transform (DAFT)},
 author={Bush, I. J.},
 journal={Daresbury Laboratory},
 volume={},
 pages={},
 year={2000}
}

@article{bush-06a,
 title={A DAFT DL_POLY distributed memory adaptation of the Smoothed Particle Mesh Ewald method},
 author={Bush, I. J. and Todorov, I. T. and Smith, W.},
 journal={Computer Physics Communication},
 volume={175},
 pages={323},
 year={2006}
}

@article{cagin-91a,
 title={Grand molecular dynamics: a method for open systems},
 author={Cagin, T. and Pettitt, B. M.},
 journal={Molecular Simulation},
 year={1991},
 volume={6},
 pages={5}
}

@article{car-85a,
 title={Unified approach for molecular dynamics and
 density-functional theory},
 author={Car, R. and Parrinello, M.},
 journal={Phys. Rev. Lett.},
 year={1985},
 volume={55},
 pages={2471}
}

@article{chandler-81a,
 title={Exploiting the isomorhism between quantum theory and classical
 statistical mechanics of polyatomic fluids},
 author={Chandler, D. and Wolynes, P. G.},
 journal={J. Chem. Phys.},
 year={1981},
 volume={74},
 pages={4078}
}

@inproceedings{clarke-85a,
 title={Novel Simulations of Molten Salts},
 author={Clarke, J. H. R. and Smith, W.},
 booktitle={Proceedings of the Meeting of the American Electrochemical Society,
 Las Vegas 1985},
 year={1985}
}

@article{clarke-86a,
 title={Short-Range Effective Potentials for Ionic Fluids},
 author={Clarke, J. H. R. and Smith, W. and Woodcock, L. V.},
 journal={J. Chem. Phys.},
 volume={84},
 year={1986},
 pages={2290}
}

@article{cleaver-95a,
 title={Computer modelling of the 4-n-alkyl-4'-cynaobiphenyls adsorbed
 on graphite: Energy minimisations and molecular dynamics of periodic
 systems},
 author={Cleaver, D. J. and Callaway, M. J. and Forester, T. R. and
 Smith, W. and Tildesley, D. J.},
 journal={Langmuir},
 year={1995},
 volume={submitted},
 pages={}
}

@article{cleri-93a,
 title={Tight-binding potentials for transition metals and alloys},
 author={Cleri, F. and Rosato, F.},
 journal={Phys. Rev. B},
 year={1993},
 volume={48},
 pages={22}
}

@book{ciccotti-87a,
 booktitle={Simulation of Liquids and Solids},
 editor={Ciccotti, G. and Frenkel, D. and McDonald, I. R.},
 publisher={Amsterdam: Elsevier Science Publishers B. V.},
 year={1987}
}

@article{dai-06,
 title={Extended Finnis–Sinclair potential for bcc and fcc metals and alloys},
 author={Dai, X. D. and Kong, Y. and Li, J. H. and Liu, B. X.},
 journal={J. Phys.: Condens. Matter},
 year={2006},
 volume={18},
 pages={4527–4542}
}

@article{dick-58a,
 title={Theory of dielectric constants of alkali halide crystals},
 author={Dick, B. G. and Overhauser, A. W.},
 journal={Phys. Rev. B},
 year={1958},
 volume={112},
 pages={90}
}

@article{ding-92a,
 title={The reduced cell multipole method for Coulombic interactiosn
 in periodic systems with million-atom unit cells},
 author={Ding, H.-Q. and Karasawa, N. and Goddard~III, W. A.},
 journal={Chem. Phys. Lett.},
 year={1992},
 volume={196},
 pages={6}
}

@article{dlprotein,
 title={The DLPROTEIN User Manual},
 author={Melchionna, S. and Cozzini, S.},
 journal={University of Rome},
 year={1998},
 volume={},
 pages={}
}


@article{eastwood-80a,
 title={P3M3DP - The three dimensional periodic particle-particle/
 particle-mesh program},
 author={Eastwood, J. W. and Hockney, R. W. and Lawrence, D. N.},
 journal={Comput. Phys. Commun.},
 year={1980},
 volume={19},
 pages={215}
}

@article{edberg-86a,
 title={Constrained molecular dynamics: Simulations of liquid alkanes
 with a new algorithm},
 author={Edberg, R. and Evans, D. J. and Morriss, G. P.},
 journal={J. Chem. Phys.},
 year={1986},
 volume={84},
 pages={6933}
}

@article{essmann-95a,
 title={A smooth particle mesh ewald method},
 author={Essmann, U. and Perera, L. and Berkowitz, M. L. and Darden,
 T. and Lee, H. and Pedersen, L. G.},
 journal={J. Chem. Phys.},
 year={1995},
 volume={103},
 pages={8577}
}

@article{evans-77a,
 title={On the representation of orientation space},
 author={Evans, D. J.},
 journal={Molec. Physics},
 year={1977},
 volume={34},
 pages={317}
}

@article{evans-77b,
 title={Singularity free algorithm for molecular dynamics simulations
 of rigid polyatomics},
 author={Evans, D. J. and Murad, S.},
 journal={Molec. Physics},
 year={1977},
 volume={34},
 pages={327}
}

@article{evans-84a,
 title={Non-Newtonian molecular dynamics},
 author={Evans, D. J. and Morriss, G. P.},
 journal={Computer Physics Reports},
 year={1984},
 volume={1},
 pages={297}
}

@article{fennell-06,
 title={Is the Ewald summation still necessary?  Pairwise alternatives
 to the accepted standard for long-range electrostatics.},
 author={Fennell, C. J. and Gezelter, D. J.},
 journal={J. Chem. Phys.},
 year={2006},
 volume={124},
 pages={234104}
}

@article{fincham-92a,
 title={Leapfrog rotational algorithms},
 author={Fincham, D.},
 journal={Molecular Simulation},
 year={1992},
 volume={8},
 pages={165}
}

@article{fincham-93a,
 title={Shell model simulations by adiabatic dynamics},
 author={Fincham, D. and Mitchell, P. J.},
 journal={J. Phys. Condens. Matter},
 year={1993},
 volume={5},
 pages={1031}
}

@article{fincham-93b,
 title={Leapfrog rotational algorithms for linear-molecules},
 author={Fincham, D.},
 journal={Molecular Simulation},
 year={1993},
 volume={11},
 pages={79}
}

@article{fincham-94a,
 title={MgO at high temperature and pressures: shell-model lattice
 dynamics and molecular dynamics},
 author={Fincham, D. and Mackrodt, W. C. and Mitchell, P. J.},
 journal={J. Phys. Condens. Matter},
 year={1994},
 volume={6},
 pages={393}
}

@article{fincham-94b,
 title={Optimisation of the Ewald Sum for Large Systems},
 author={Fincham, D.},
 journal={Molec. Simul.},
 year={1994},
 volume={13},
 pages={1}
}

@article{finnis-84a,
 title={A simple empirical N body potential for transition metals},
 author={Finnis, M. W. and Sinclair, J. E.},
 journal={Philos. Mag. A},
 year={1984},
 volume={50},
 pages={45}
}

@article{flyvbjerg-89a,
 title={Error estimates on averages of correlated data},
 author={Flyvbjerg, H. and Petersen, H. G.},
 journal={J. Chem. Phys.},
 year={1989},
 volume={91},
 pages={461}
}

@article{forester-94a,
 title={A molecular dynamics study of valinomycin and the
 potassium-valinomycin complex},
 author={Forester, T. R. and Smith, W. and Clarke, J. H. R.},
 journal={J. Phys. Chem.},
 year={1994},
 volume={98},
 pages={9422}
}

@manual{forester-94b,
 author={Forester, T. R. and Smith, W.},
 title={The DL\_POLY User's Manual},
 year={1994},
 organization={Daresbury Laboratory},
 note={ref no. DL/SCI/TM100T}
}

@article{forester-94c,
 author={Forester, T. and Smith, W.},
 title={On multiple timestep algorithms and the ewald sum},
 journal={Molecular Simulation},
 volume={13},
 pages={195},
 year={1994}
}

@article{forester-96a,
 author={Forester, T. and Smith, W.},
 title={Shake, Rattle and Roll: Efficient constraint algorithms for linked rigid bodies},
 journal={J Computational Chemistry},
 volume={19},
 pages={102},
 year={1998}
}

@article{friedel-52a,
 author={Friedel J.},
 title={},
 journal={Philos. Mag.},
 volume={43},
 pages={153},
 year={1952}
}

@inproceedings{frenkel-90a,
 title={Monte Carlo Simulations},
 author={Frenkel, D},
 booktitle={Computer Modelling of Fluids, Polymers and Solids},
 publisher={Kluwer Academic Publishers},
 editor={Catlow, C. R. A. and Parker, S. C. and Allen, M. P.},
 series={NATO ASI Series},
 year={1990},
 pages={83}
}

@article{fuchs-35a,
 title={},
 author={Fuchs, K},
 journal={Proc. R. Soc., A},
 year={1935},
 volume={151},
 pages={585}
}

@article{futrelle-71a,
 title={Calculation of spectra and correlation fucntions from
 molecular dynamics data using the fast Fourier transform},
 author={Futrelle, R. P. and McGinty, D. J.},
 journal={Chem. Phys. Lett.},
 year={1971},
 volume={12},
 pages={285}
}

@article{gillan-87a,
 title={Quantum simulation of hydrogen in metals},
 author={Gillan, M. J.},
 journal={Phys. Rev. Lett.},
 year={1987},
 volume={58},
 pages={563}
}

@incollection{gillan-89a,
 title={},
 author={Gillan, M. J.},
 booktitle={Ionic Solids at High Temperatures},
 editor={Stoneham A. M.},
 publisher={Singapore: World Scientific},
 year={1989},
 pages={169}
}

@article{grest-86,
 title={Molecular dynamics simulation for polymers in the presence of a heat bath},
 author={Grest, G. S. and Kremer, K.},
 journal={Phys. Rev. A},
 year={1986},
 volume={33},
 pages={3628}
}

@book{gunsteren-87a,
 note={Standard GROMOS reference},
 title={Groningen Molecular Simulation (GROMOS) Library Manual},
 author={van~Gunsteren, W. F. and Berendsen, H. J. C.},
 publisher={BIOMOS, Nijenborgh, 9747 Ag Groningen, The Netherlands},
 year={1987}
}

@article{gusev-94a,
 title={Dynamics of small molecules in bulk polymers},
 author={Gusev, A. A. and Mueller-Plathe, F. and van~Gunsteren, W. F. and
 Suter, U. W.},
 journal={Adv. in Polymer Sci.},
 volume={116},
 pages={207}
}

@book{hansen-86a,
 booktitle={Theory of Simple Liquids},
 author={Hansen, J. P. and MacDonald, I. R.},
 publisher={New York: Academic Press},
 year={1986}
}

@article{harris-78a,
 title={On the use of windows for harmonic analysis with the discrete
 Fourier transform},
 author={Harris, F. J.},
 journal={Proc. IEEE},
 year={1978},
 volume={66},
 pages={51}
}

@article{hautman-92a,
 title={An Ewald summation method for planar surfaces and interfaces},
 author={Hautman, J. and Klein, M. L.},
 journal={Molec. Phys.},
 year={1992},
 volume={75},
 pages={379}
}

@article{heyes-81a,
 title={The surface potential of point charge and point dipole
 lattices},
 author={Heyes, D. M.},
 journal={Surface Science},
 year={1981},
 volume={110},
 pages={L619}
}

@book{hockney-81a,
 title={Computer Simulation Using Particles},
 author={Hockney, R. W. and Eastwood, J. W.},
 publisher={McGraw-Hill International},
 year={1981}
}

@article{hoover-85a,
 author={Hoover, W. G.},
 title={Canonical dynamics: Equilibrium phase-space distributions},
 journal={Phys. Rev.},
 year= {1985},
 volume={A31},
 pages={1695}
}

@article{ikeguchi-04,
 author={Ikeguchi, M.},
 journal={J. Comp. Chemi.},
 volume={25},
 pages={529-541},
 year={2004}
}

@article{impey-83a,
 author={Impey, R. W. and Madden, P. A. and McDonald, I. R.},
 journal={J. Phys. Chem},
 volume={87},
 pages={5071},
 year={1983}
}

@incollection{izaguirre-01,
 title={Langevin Stabilisation of Multiscale Mollified Dynamics},
 author={Izaguirre, J. A.},
 booktitle={Multiscale Computational Methods in Chemistry and Physics},
 editor={Brandt A., Binder K., Bernholc J.},
 series={NATO Science Series: Series III - Computer and System Sciences},
 volume={117},
 pages={34-47},
 publisher={IOS Press, Amsterdam},
 year={2001},
}

@incollection{jackson-92a,
 title={Lattice energy and free energy minimisation of zeolites},
 author={Jackson, R. A. and Parker, S. C. and Tschaufeser, P.},
 booktitle={Modelling of structure and reactivity in zeolites},
 editor={Catlow, C. R. A.},
 publisher={London: Academic Press},
 year={1992},
 pages={43}
}

@article{johnson-89a,
 title={Alloy models with the embedded-atom method},
 author={Johnson, R. A.},
 journal={Phys. Rev. B},
 year={1989},
 volume={39},
 pages={12556},
}

@article{jorgensen-84a,
 title={Optimised intermolecular potential functions for liquid hydrocarbons},
 author={Jorgensen, W. L. and Madura, J. D. and Swenson, C. J.},
 journal={J. Amer. Chem. Soc},
 year={1984},
 volume={106},
 pages={6638},
 note={an OPLS standard reference}
}

@article{jorgensen-85a,
 title={Optimised intermolecular potential functions for amides and
 peptides. Structure and properties of liquid amides },
 author={Jorgensen, W. L. and Swenson, C. J.},
 journal={J. Amer. Chem. Soc},
 year={1985},
 volume={107},
 pages={569},
 note={an OPLS standard reference}
}

@article{jorgensen-85b,
 title={Optimised intermolecular potential functions for amides and
 peptides. Hydration of amides },
 author={Jorgensen, W. L. and Swenson, C. J.},
 journal={J. Amer. Chem. Soc},
 year={1985},
 volume={107},
 pages={1489},
 note={an OPLS standard reference}
}

@article{jorgensen-86a,
 title={Optimised intermolecular potential functions for liquid alcohols},
 author={Jorgensen, W. L.},
 journal={J. Phys. Chem.},
 year={1986},
 volume={90},
 pages={1726},
 note={an OPLS standard reference}
}

@book{kalos-86a,
 title={Monte Carlo Methods. Volume 1: Basics},
 author={Kalos, M. H.  and Whitlock, P. A.},
 publisher={John Wiley and Sons Inc.},
 year={1986}
}

@article{kremer-88a,
 title={Monte Carlo simulations of lattice models for macromolecules},
 author={Kremer, K. and Binder, K.},
 journal={Comput. Phys. Reports},
 year={1988},
 volume={7},
 pages={259}
}

@article{lewis-85a,
 title={Potential odels for oxides},
 author={Lewis, G. V. and Catlow, C. R. A.},
 journal={Solid State Phys. C},
 year={1985},
 volume={18},
 pages={1149}
}

@article{levesque-73a,
 title={Computer `experiments' on classical fuids. IV. Transport
 properties and time correlation functions of the Lennard-Jones liquid
 near its triple point},
 author={Levesque, D. and Verlet, L. and K\"{u}rkijarvi, J.}},
 journal={Phys. Rev. A},
 year={1973},
 volume={7},
 pages={1690}
}

@article{lindan-93a,
 title={Shell-model molecular-dynamics simulation of superionic
 conduction in CAF$_{2},$ },
 author={Lindan, P. J. D. and Gillan, M. J.},
 journal={J. Phys. Condens. Matter},
 year={1993},
 volume={5},
 pages={1019}
}

@article{lindan-94a,
 title={The dynamical simulation of superionic UO$_{2},$ using
 shell-model potentials},
 author={Lindan, P. J. D. and Gillan, M. J.},
 journal={Philos. Mag. B},
 year={1994},
 volume={69},
 pages={535}
}

@article{mayo-90a,
 note={Standard DREIDING reference},
 author={Mayo, S.L. and Olafson, B.D. and Goddard, W.A.},
 title={DREIDING: A generic force field for molecular simulations},
 journal={J. Phys. Chem.},
 year={1990},
 volume={94},
 pages={8897}
}

@article{marsaglia-90a,
 author={Marsaglia, G. and Zaman, A. and Tsang, W. W.},
 title={Towards a universal random number generator},
 journal={Stats. Prob. Letters},
 year={1990},
 volume={8},
 pages={35}
}

@article{martyna-94a,
 author={Martyna, G.M. and Tobias, D.J. and Klein, M.L.},
 title={Constant pressure molecular dynamics algorithms},
 journal={J. Chem. Phys.},
 year={1994},
 volume={101},
 pages={4177}
}

@article{martyna-96a,
 author={Martyna, G.M. and Tuckerman, M.E. and Tobias, D.J. and Klein, M.L.},
 title={Explicit reversible integrators for extended system dynamics},
 journal={Molec. Phys.},
 year={1996},
 volume={87},
 pages={1117}
}

@article{matsuoka-76a,
 author={Matsuoka, O. and Clementi, E. and Yoshimine, M.},
 title={},
 journal={J. Chem. Phys.},
 year={1976},
 volume={64},
 pages={1351},
 note={MCY water standard reference}
}

@book{mccammon-87a,
 author={McCammon, J. A. and Harvey, S. C.},
 title={Dynamics of Proteins and Nucleic Acids},
 publisher={Cambridge: University Press},
 year={1987}
}

@article{mcdonald-72a,
 title={NpT-ensemble Monte carlo calculations for binary liquid
 mixtures},
 author={McDonald, I. R.},
 journal={Molec. Phys.},
 year={1972},
 volume={23},
 pages={41}
}

@article{meiburg-86a,
 title={Comparison of the molecular dynamics method and the direct
 simulation Monte Carlo technique for flows around simple geometries},
 author={Meiburg, E.},
 journal={Phys. Fluids},
 year={1986},
 volume={29},
 pages={3107}
}

@article{melchionna-93a,
 title={Hoover NPT dynamics for systems varying in shape and size},
 author={Melchionna, S. and Ciccotti, G. and Holian, B. L.},
 journal={Molec. Phys.},
 year={1993},
 volume={78},
 pages={533}
}

@article{metropolis-53a,
 title={Equation of state calculations by fast computing machines},
 author={Metropolis, N. and Rosenbluth, A. W. and Rosenbluth, M. N. and Teller,
 A. H. and Teller, E.},
 journal={J. Chem. Phys.},
 year={1953},
 volume={21},
 pages={1087}
}

@incollection{miller-90a,
 title={Transputer molecular dynamics with electrostatic forces},
 author={Miller, S. and Fincham, D. and Jackson, R.A. and Mitchell, P. J.},
 booktitle={Applications of Transputers 2},
 publisher={Amsterdam: IOS Press},
 editor={Pritchard, D. J. and Scott, C. J.},
 year={1990},
 pages={264}
}

@article{miller-02a,
 note={Standard NOSQUISH reference},
 title={Symplectic quaternion scheme for biophysical molecular dynamics},
 author={Miller, T.F. and Eleftheriou, M. and Pattnaik, P. and Ndirango, A.
 and Newns, D. and Martyna, G.J.},
 journal={J. Chem. Phys.},
 year={2002},
 volume={116},
 pages={8649}
}

@article{neumann-85a,
 title={The dielectric constant of water. Computer simulations with
 the MCY potential.},
 author={Neumann, M.},
 journal={J. Chem. Phys.},
 year={1985},
 volume={82},
 pages={5663}
}

@article{nose-84a,
 title={A unified formulation of the constant temperature molecular
 dynamics methods},
 author={Nos\'{e}, S.},
 journal={J. Chem. Phys.},
 year={1984},
 volume={81},
 pages={511}
}

@article{panagiotopoulos-87a,
 title={Direct determination of the phase coexitence properties of
 fluids by Monte Carlo simulation in a new ensemble},
 author={Panagiotopoulos, A. Z.},
 journal={Molec. Phys.},
 year={1987},
 volume={61},
 pages={813}
}

@inproceedings{parker-90a,
 note={Free energy minimization description},
 title={Computer modelling of the structure and thermodynamic
 properties of silicate minerals},
 author={Parker, S. C. and Price, G. D.},
 booktitle={Computer Modelling of Fluids, Polymers and Solids},
 publisher={Kluwer Academic Publishers},
 editor={Catlow, C. R. A. and Parker, S. C. and Allen, M. P.},
 series={NATO ASI Series},
 year={1990},
 pages={405}
}

@article{parrinello-81a,
 title={Polymorphic transitions in single crystals: a new molecular
 dynamics method},
 author={Parrinello, M. and Rahman, A.},
 journal={J. Appl. Phys.},
 year={1981},
 volume={52},
 pages={7182}
}

@article{pinches-91a,
 title={Large Scale Molecular Dynamics on Parallel Computers
 using the Link Cell Algorithm},
 author={Pinches, M. R. S. and Tildesley, D. and Smith, W.},
 journal={Molecular Simulation},
 volume={6},
 year={1991},
 pages={51}
}

@article{procacci-96a,
 title={Taming the Ewald sum in molecular dynamics simulations of
 solvated proteins via multiple timestep algorithm},
 note={Standard RESPA/EWALD reference},
 author={Procacci, P. and Marchi, M.},
 journal={J. Chem. Phys.},
 volume={104},
 year={1996},
 pages={3003}
}

@book{pye-92a,
 title={The Physics of Non-crystalline Solids},
 editor={Pye, L. D. and La~Course, W. C. and Stevens, H. J.},
 publisher={London: Taylor and Francis},
 year={1992}
}

@article{quigley-04,
 title={Langevin dynamics in constant pressure extended system},
 author={Quigley, D. and Probert, M.I.J.},
 journal={J. Chem Phys.},
 volume={120},
 pages={11432},
 year={2004}
}

@article{quirke-88a,
 author={Quirke, N.},
 journal={Molecular Simulation},
 volume={1},
 pages={249},
 year={1988}
}

@article{rahman-64a,
 title={Correlation in the motions of atoms in liquid argon},
 author={Rahman, A.},
 journal={Phys. Rev.},
 year={1964},
 volume={136},
 pages={A405}
}

@article{raine-89a,
 title={Systolic Loop Methods for Molecular Dynamics using Multiple Transputers},
 author={Raine, A. R. C. and Fincham, D. and Smith, W.},
 journal={Comput. Phys. Commun.},
 volume={55},
 year={1989},
 pages={13}
}

@article{raiteri,
 title={Water is the Key to Non-Classical Nucleation of Amorphous Calcium Carbonate},
 author={Raiteri, P. and Gale, J.D.},
 journal={J. Am. Chem. Soc.},
 volume={132},
 year={2010},
 pages={17623-17634}
}

@article{rapaport-86a,
 title={Eddy formation in obstructed fluid flow: a molecular dynamics
 study},
 author={Rapaport, D. C. and Clementi, E.},
 journal={Phys. Rev. Lett.},
 year={1986},
 volume={57},
 pages={695}
}

@article{rapaport-87a,
 title={Microscale hydrodynamics: discrete particle simulations of
 evolving flow patters},
 author={Rapaport, D. C.},
 journal={Phys. Rev.},
 year={1987},
 volume={A 36},
 pages={3288}
}

@article{rapaport-88a,
 title={Molecular dynamics study of Rayleigh-Bernard convection},
 author={Rapaport, D. C.},
 journal={Phys. Rev. Lett.},
 year={1988},
 volume={60},
 pages={2480}
}

@article{rapaport-91a,
 title={Multi-million particle molecular dynamics. I. Design
 considerations for vector processing},
 author={Rapaport, D. C.},
 journal={Comput. Phys. Commun.},
 year={1991},
 volume={62},
 pages={198}
}

@article{rapaport-91b,
 title={Multi-million particle molecular dynamics. I. Design
 considerations for distributed processing},
 author={Rapaport, D. C.},
 journal={Comput. Phys. Commun.},
 year={1991},
 volume={62},
 pages={217}
}

@article{rohl-03a,
 title={Evidence from surface phonons for the (2 x 1) reconstruction
 of the (10-14) surface of calcite from computer simulation},
 author={Rohl, A. L. and Wright, K. and Gale, J. D.},
 journal={Amer. Mineralogist},
 year={2003},
 volume={88},
 pages={921}
}

@article{rodger-95a,
 title={Simulations of the methane hydrate/ methane gas interface near
 hydrate forming conditions},
 author={Rodger, P. M. and Forester, T. R. and Smith, W.},
 journal={Fluid and Phase Equilibria},
 year={1995},
 volume={submitted},
 pages={}
}

@article{rudnick-87a,
 title={The shapes of random walks},
 author={Rudnick, J. and Gaspari, G.},
 journal={Science},
 year={1987},
 volume={237},
 pages={384}
}

@article{ryckaert-75a,
 title={Molecular-dynamics of liquid normal-butane near its boiling-point},
 author={Ryckaert, J. P. and  Bellemans, A.},
 journal={Chem. Phys. Lett.},
 volume={30},
 pages={123},
 year={1975}
}

@article{ryckaert-77a,
 title={Numerical integration of the Cartesian equations of motion of
 a system with constraints: molecular dynamics of n-alkanes},
 author={Ryckaert, J. P. and  Ciccotti, G. and Berendsen, H. J. C.},
 journal={J. Comput. Phys.},
 volume={23},
 pages={327},
 year={1977}
}

@inproceedings{schmidt-96a,
 title={Molecular dynamics studies of Langmuir monolayers of F(CF$_{2}$)$_{11}$COOH},
 author={Schmidt, M. E. and Shin, S. and Rice, S. A.},
 journal={J. Chem. Phys.},
 volume={104},
 pages={2101},
 year={1996}
}

@book{shewchuk-94a,
 title={An Introduction to the Conjugate Gradient Method Without the Agonizing Pain, Edition 1 1/4},
 author={Shewchuk, J. R.},
 year={August 4, 1994},
 publisher={School of Computer Science, Carnegie Mellon University, Pittsburgh, PA 15213}
}

@inproceedings{singer-85a,
 title={Semi-Classical Many-Particle Dynamics with Gaussian Wave
 Packets},
 author={Singer, K. and Smith, W.},
 booktitle={Proceedings of the International Meeting on the
 Dynamics of Wave Packets in Molecular and Nuclear Physics, Belgium 2-4
 July 1985.},
 year={1985}
}

@article{singer-86a,
 title={Semi-Classical Many Particle Dynamics with Spherical Gaussian
 Wave Packets},
 author={Singer, K. and Smith, W.},
 journal={Molec. Phys.},
 volume={57},
 year={1986},
 pages={761}
}

@article{singer-87a,
 title={The Classical and Quantum Mechanical Free Energy of Solid
 (Lennard-Jones) Argon},
 author={Singer, K. and Smith, W.},
 journal={Chem. Phys. Lett. },
 volume={140},
 year={1987},
 pages={406}
}

@article{singer-88a,
 title={Path Integral Simulations of Condensed Phase Lennard-Jones
 Systems},
 author={Singer, K. and Smith, W.},
 journal={Molec. Phys.},
 volume={64},
 year={1988},
 pages={1215}
}

@article{singer-90a,
 title={Quantum Dynamics and the Wigner Liouville Equation},
 author={Singer, K. and Smith, W.},
 journal={Chem. Phys. Lett.},
 volume={167},
 year={1990},
 pages={298}
}

@article{smith-87a,
 title={CCP5: A collaborative computational project for the computer
 simulation of condensed phases},
 author={Smith, W.},
 journal={Molecular Graphics},
 volume={5},
 year={1987},
 pages={71}
}

@article{smith-87b,
 title={The Computer Simulation of Liquids by Molecular Dynamics},
 author={Smith, W.},
 journal={Physics Education},
 volume={22},
 year={1987},
 pages={355}
}

@inproceedings{smith-88a,
 title={The Fourier Transform and Applications to Molecular Dynamics},
 author={Smith, W.},
 booktitle={NATO Advanced Study Institute Summer School at Bath
 4~th - 17~th September 1988 on ``Computer Simulation of Polymers,
 Liquids and Solids''},
 year={1988}
}

@article{smith-89a,
 title={A Molecular Dynamcis Study of of the Crystalline Phases
 of Potassium Nitrate},
 author={Smith, W. and Clarke, J. H. R.},
 journal={J. Chem. Phys. },
 volume={90},
 year={1989},
 pages={6610}
}

@article{smith-91a,
 title={Molecular Dynamics on Hypercube Parallel Computers},
 author={Smith, W.},
 journal={Comput. Phys. Commun.},
 volume={62},
 year={1991},
 pages={229}
}

@article{smith-91b,
 title={A Molecular Dynamics Study of the Frequency
 Dependence of Sodium $\beta$'' Alumina on Temperature and Frequency},
 author={Smith, W. and Gillan, M. J.},
 journal={Berichte Bunsengesellschaft},
 volume={184},
 year={1991},
 pages={967}
}

@article{smith-91c,
 title={A Molecular Dynamics Study of Ring Formation in
 Flexible Molecules},
 author={Smith, W. and Wilton, A. and M\"{u},ller-Plathe, F.},
 journal={Chem. Phys. Lett.},
 volume={184},
 year={1991},
 pages={61}
}

@article{smith-91d,
 title={Brownian Dynamics Simulations of Linear and Star
 Polymers},
 author={Bishop, M. and Smith, W.},
 journal={J. Chem. Phys.},
 volume={95},
 year={1991},
 pages={3804}
}

@manual{smith-91e,
 title={Program MDCSPC4: Molecular Dynamics of Phase Changes
 in Molecular Ionic Crystals},
 author={Smith, W.},
 year={1991},
 organization={Daresbury Laboratory},
 note={ref no. DL/SCI/TM84T}
}

@article{smith-92a,
 title={A Molecular Dynamics Study of Sodium $\beta$'' Alumina},
 author={Smith, W. and Gillan, M. J.},
 journal={Phys. Condens. Matter},
 volume={4},
 year={1992},
 pages={3215}
}

@article{smith-92b,
 author={Smith, W.},
 title={A replicated data molecular dynamics strategy for the parallel
 ewald sum},
 journal={Comput. Phys. Commun.},
 year={1992},
 volume={67},
 pages={392}
}

@article{smith-92c,
 title={Molecular Dynamics Simulation of Linear Polymers
 in a Solvent},
 author={Smith, W. and Rapaport, D.},
 journal={Molecular Simulation},
 volume={9},
 year={1992},
 pages={25}
}

@article{smith-93a,
 title={Molecular Dynamics on Distributed (MIMD) Parallel Computers},
 author={Smith, W.},
 journal={Theoretica. Chim. Acta.},
 volume={84},
 year={1993},
 pages={385}
}

@article{smith-93b,
 title={The Ewald Sum in Truncated Octahedral and Rhombic
 Dodecahedral Boundary Conditions},
 author={Smith, W. and Fincham, D.},
 journal={Molecular Simulation},
 year={1993},
 volume={10},
 pages={67}
}
@article{smith-93c,
 title={Calculating the Pressure},
 author={Smith, W.},
 journal={CCP5 Information Quarterly},
 year={1993},
 volume={39},
 pages={14}
}

@article{smith-94a,
 author={Smith, W. and Forester, T. R.},
 title={Parallel macromolecular simulations and the replicated data
 strategy. 1: the computation of atomic forces},
 journal={Comput. Phys. Commun.},
 year={1994},
 volume={79},
 pages={52}
}

@article{smith-94b,
 title={Parallel macromolecular simulations and the replicated data
 strategy. 2: the RD-SHAKE algorithm},
 author={Smith, W. and Forester, T. R.},
 journal={Comput. Phys. Commun.},
 year={1994},
 volume={79},
 pages={63}
}

@article{smith-95a,
 title={Computer simulation of sodium disilicate glass},
 author={Smith, W. and Greaves, G. N. and Gillan, M. J.},
 journal={J. Chem. Phys.},
 year={1995},
 volume={103},
 pages={3091}
}

@article{smith-gui,
 title={The DL\_POLY Graphical User Interface},
 author={Smith, W.},
 journal={Daresbury Laboratory},
 year={2003},
 volume={},
 pages={}
}

@article{stillinger-74a,
 author={Stillinger, F. H. and Rahman, A.},
 journal={J. Chem. Phys.},
 year={1974},
 volume={60},
 pages={1545},
 note={ST2 water standard reference}
}

@article{smith-96a,
 title={DL\_POLY\_2.0: A general purpose parallel molecular simulation
 package},
 note={Standard DL\_POLY 2.0 reference},
 author={Smith, W. and Forester, T.R.},
 journal={J. Molec. Graphics},
 year={1996},
 volume={14},
 pages={136}
}

@article{streett-78a,
 title={Multiple time step methods in molecular dynamics},
 author={Tildesley, D. J. and Streett, W. B. and Saville, G.},
 journal={Molec. Phys},
 volume={35},
 pages={639},
 year={l978}
}

@incollection{streett-78b,
 title={Multiple time step methods and an improved potential function
 for molecular dynamics simulations of molecular liquids},
 author={Tildesley, D. J. and Streett, W. B.},
 publisher={ACS Symposium Series No. 86},
 booktitle={Computer Modelling of Matter},
 editor={Lykos, P.},
 year={1978},
 page={144}
}

@article{stuart-96a,
 note={Standard RESPA reference},
 title={Molecular dynamics with multiple timescales: The selection of
 efficient reference system propagators},
 author={Stuart, S.J. and Zhou, R. and Berne, B.J.},
 journal={J. Chem. Phys.},
 volume={105},
 pages={1426},
 year={1996}
}

@article{sutton-90a,
 title={Long range Finnis-Sinclair potentials},
 author={Sutton, A. P. and Chen, J.},
 journal={Philos. Mag. Lett.},
 year={1990},
 volume={61},
 pages={139}
}

@article{sutton-91a,
 title={Long range Finnis-Sinclair potentials for f.c.c. metalic allows},
 author={Rafii-Tabar, H. and Sutton, A. P.},
 journal={Philos. Mag. Lett.},
 year={1991},
 volume={63},
 pages={217}
}

@article{sun-98,
 title={COMPASS: An ab Initio Force-Field Optimized for Condensed-Phase ApplicationsOverview with Details on Alkane and Benzene Compounds},
 author={Sun, H.},
 journal={J. Phys. Chem. B},
 year={1998},
 volume={102(38)},
 pages={7338-7364}
}

@article{tersoff-89a,
 title={Modeling solid-state chemistry: Interatomic potentials for multicomponent systems},
 author={Tersoff, J.},
 journal={Phys. Rev. B},
 year={1989},
 volume={39},
 pages={5566}
}

@article{tironi-95a,
 title={A generalized reaction field method for molecular dynamics
 simulations},
 author={Tironi, I. G. and Sperb, R. and Smith, P. E. and van
 Gunsteren, W. F.},
 journal={J. Chem. Phys.},
 year={1995},
 volume={102},
 pages={5451}
}

@article{todd-93a,
 title={Surface and bulk properties of metals modelled with Sutton-Chen potentials},
 author={Todd, B. D. and Lynden-Bell, R. M.},
 journal={Surf. Science},
 year={1993},
 volume={281},
 pages={191}
}

@article{todorov-04a,
 title={DL_POLY_3: The CCP5 national UK code for molecular-dynamics simulations},
 author={Todorov, I.T. and Smith, W.},
 journal={Phil. Trans. R. Soc. Lond. A},
 year={2004},
 volume={362},
 pages={1835}
}

@article{tuckerman-90a,
 title={Molecular dynamics algorithms for multiple timescales: Systems
 with disparate masses},
 author={Tuckerman, M.E. and Berne, B.J. and Rossi, A.},
 journal={J. Chem. Phys.},
 year={1990},
 volume={94},
 pages={1465}
}

@article{verlet-67a,
 title={Computer `experiments' on classical fluids. I. Thermodynamical
 properties of Lennard-Jones molecules},
 author={Verlet, L.},
 journal={Phys. Rev.},
 year={1967},
 volume={159},
 pages={98}
}

@article{vessal-89a,
 title={Water-like melting behaviour if SiO$_{2}$ investigated by the
 molecular dynamics simulation technique},
 author={Vessal, B. and Amini, M. and Fincham, D. and Catlow, C. R. A.},
 journal={Philos. Mag. B},
 year={1989},
 volume={60},
 pages={753}
}

@article{vessal-90a,
 title={Potentials for molecular dynamics simulation of silicate
 glasses},
 author={Vessal, B. and Amini, M. and Leslie, M. and Catlow, C. R. A.},
 journal={Molecular Simulation},
 year={1990},
 volume={5},
 pages={1}
}

@article{vessal-94a,
 title={Simulation studies of silicate phosphates},
 author={Vessal, B.},
 journal={J. Non-Cryst. Solids},
 year={1994},
 volume={177},
 pages={103}
}

@article{walker-86a,
 title={Phase Diagrams of Simple Metals},
 author={Walker, A., Smith, W. and Inglesfield, J. E.},
 journal={J. Phys. F: Met. Phys.},
 volume={16},
 year={1986},
 pages={L35}
}

@article{warner-72,
 title={Kinethic theory and rheology of dilute suspensions of finitely extensible dumbbells},
 author={Warner, H. R. Jr.},
 journal={ind. Eng. Chem. Fundam.},
 volume={11},
 year={1972},
 pages={379}
}

@article{weeks-71,
 title={Roles of repulsive forces in determining the equilibrium structure of simple liquids},
 author={Weeks, J. D. and Chandler, D. and Anderson, H. C.},
 journal={J. Chem. Phys.},
 volume={54},
 year={1971},
 pages={5237}
}

@article{weiner-86a,
 note={Standard AMBER reference},
 author={Weiner, S. J. and Kollman, P. A. and Nguyen, D. T. and Case, D. A.},
 journal={J. Comp. Chem.},
 volume={7},
 pages={230},
 year={1986}
}

@article{wilton-91a,
 title={TEQUILA: Displaying Distance Maps},
 author={Wilton, A. and M\"{u},ller-Plathe, F.  and Smith, W.},
 journal={J. Molec. Graphics},
 volume={9},
 year={1991},
 pages={127}
}

@article{wood-57a,
 title={Monte Carlo equation of state of molecules interacting with
 the Lennard-Jones potential. I. A supercritical isotherm at about
 twice the critical temperature},
 author={Wood, W. W. and Parker, F. R.},
 journal={J. Chem. Phys.},
 year={1957},
 volume={27},
 pages={1957}
}

@article{vashishta-78a,
 title={Superionic conductivity in silver iodide},
 author={Vashishta, A. and Rahman, A.},
 journal={Phys. Rev. Letters},
 year={1978},
 volume={40},
 pages={1337}
}

@article{zwanzig-69a,
 title={Statistical error due to finite time averaging in computer
 experiments},
 author={Zwanzig, R. and Ailawadi, N. K.},
 journal={Phys. Rev.},
 year={1969},
 volume={182},
 pages={193}
}
